%% This BibTeX bibliography file was created using BibDesk.
%% http://bibdesk.sourceforge.net/


%% Created for Mathieu MANGEOT at 2013-03-07 15:05:54 +0100 


%% Saved with string encoding Unicode (UTF-8) 

@phdthesis{HTN09,
	Address = {Laboratoire GETALP-LIG},
	Author = {Hong-Thai Nguyen},
	Date-Added = {2013-03-07 15:11:26 +0100},
	Date-Modified = {2013-03-07 15:15:15 +0100},
	Keywords = {BDLM, EDL, PIVAX},
	Month = {18 d{\'e}cembre, 226 p.},
	School = {Universit{\'e} Joseph Fourier Grenoble I},
	Title = {Des syst{\`e}mes de TA homog{\`e}nes aux syst{\`e}mes de TAO h{\'e}t{\'e}rog{\`e}nes},
	Type = {Th{\`e}se de nouveau doctorat, sp{\'e}cialit{\'e} informatique},
	Year = {2009}}

@article{Francopoulo09,
	Affiliation = {TAGMATICA Paris France},
	Author = {Francopoulo, Gil and Bel, Nuria and George, Monte and Calzolari, Nicoletta and Monachini, Monica and Pet, Mandy and Soria, Claudia},
	Date-Added = {2011-01-31 22:34:52 +0100},
	Date-Modified = {2011-01-31 22:35:57 +0100},
	Issn = {1574-020X},
	Issue = {1},
	Journal = {Language Resources and Evaluation},
	Keyword = {Humanities, Social Sciences and Law},
	Note = {10.1007/s10579-008-9077-5},
	Pages = {57-70},
	Publisher = {Springer Netherlands},
	Title = {Multilingual resources for NLP in the lexical markup framework (LMF)},
	Url = {http://dx.doi.org/10.1007/s10579-008-9077-5},
	Volume = {43},
	Year = {2009},
	Bdsk-Url-1 = {http://dx.doi.org/10.1007/s10579-008-9077-5}}

@inbook{MMAC_RL_2013,
	Address = {Paris, France},
	Author = {Mangeot, Mathieu and Enguehard, Chantal},
	Chapter = {8 : Des dictionnaires {\'e}ditoriaux aux repr{\'e}sentations XML standardis{\'e}es},
	Date-Added = {2012-10-30 12:00:35 +0300},
	Date-Modified = {2012-10-30 12:03:50 +0300},
	Editor = {Gala, Nuria and Zock, Micha{\"e}l},
	Keywords = {DiLAF, LMF, XML},
	Pages = {24},
	Publisher = {Herm{\`e}s science},
	Title = {Ressources Lexicales : contenu, construction, utilisation, {\'e}valuation},
	Year = {2013}}

@inbook{CAMM_LMF_2013,
	Address = {Paris, France},
	Author = {Enguehard, Chantal and Mangeot, Mathieu},
	Chapter = {7: LMF for a selection of African Languages},
	Date-Added = {2012-10-30 11:54:27 +0300},
	Date-Modified = {2012-10-30 12:04:00 +0300},
	Editor = {Gil Francopoulo},
	Keywords = {dictionary, LMF, DiLAF},
	Pages = {8},
	Publisher = {Herm{\`e}s science},
	Title = {LMF: Lexical Markup Framework, theory and practice},
	Volume = {1},
	Year = {2013}}

@inproceedings{CESKMMIMMS12,
	Address = {Grenoble, France},
	Author = {Enguehard, Chantal and Kane, Soumana and Mangeot, Mathieu and Modi, Issouf and Sanogo, Mamadou Lamine},
	Booktitle = {Atelier JEP-TALN 2012 Traitement Automatique des Langues Africaines (TALAf 2012)},
	Date-Added = {2012-05-14 10:30:16 +0200},
	Date-Modified = {2012-05-14 10:34:15 +0200},
	Keywords = {DiLAF, dictionnaire},
	Month = {9 juin},
	Pages = {27--40},
	Title = {Vers l'informatisation de quelques langues d'Afrique de l'Ouest},
	Year = {2012}}

@book{TALAF2012:2012,
	Address = {Grenoble, France},
	Editor = {Mangeot , Mathieu and Enguehard , Chantal and S{\'e}rasset , Gilles},
	Month = {jun},
	Publisher = {ATALA/AFCP},
	Title = {{JEP}-{TALN}-{RECITAL} 2012, {W}orkshop {TALA}f 2012: {NLP} for {A}frican {L}anguages},
	Url = {http://www.aclweb.org/anthology/W/W12/W12-13},
	Year = {2012},
	Bdsk-Url-1 = {http://www.aclweb.org/anthology/W/W12/W12-13}}

@inproceedings{MMCE11,
	Address = {Villetaneuse},
	Author = {Mangeot, Mathieu and Enguehard, Chantal},
	Booktitle = {Actes des journ{\'e}es scientifiques LTT 2011},
	Date-Added = {2012-05-14 10:07:41 +0200},
	Date-Modified = {2012-05-14 10:09:26 +0200},
	Keywords = {DiLAF, XML, dictionnaire},
	Month = {15, 16 septembre},
	Title = {Informatisation de dictionnaires langues africaines-fran{\c c}ais},
	Year = {2011}}

@conference{Chklovski05,
	Address = {Pittsburgh, Pennsylvania},
	Author = {Chklovski, Timothy and Gil, Yolanda},
	Booktitle = {Twentieth National Conference on Artificial Intelligence (AAAI-05)},
	Date-Added = {2012-04-08 17:40:05 +0200},
	Date-Modified = {2012-04-08 17:41:20 +0200},
	Title = {An Analysis of Knowledge Collected from Volunteer Contributors},
	Year = {2005}}

@conference{Push02,
	Address = {Irvine, CA, USA},
	Author = {Singh, Push and Lin, Thomas and others},
	Booktitle = {Proceedings of the First International Conference on Ontologies, Databases, and Applications of Semantics for Large Scale Information Systems},
	Date-Added = {2012-04-08 17:37:21 +0200},
	Date-Modified = {2012-04-08 17:38:23 +0200},
	Title = {Open Mind Common Sense: Knowledge acquisition from the general public},
	Year = {2002}}

@conference{Speer07,
	Address = {Honolulu, Hawaii, USA.},
	Author = {Robert Speer},
	Booktitle = {Workshop on Common Sense and Intelligent User Interfaces},
	Date-Added = {2012-04-08 17:33:18 +0200},
	Date-Modified = {2012-04-08 17:34:23 +0200},
	Keywords = {GWAP},
	Month = {January 28-31},
	Title = {Open Mind Commons: An Inquisitive Approach to Learning Common Sense},
	Year = {2007}}

@article{Ahn08,
	Author = {von Ahn, Luis and Dabbish, Laura},
	Date-Added = {2012-04-08 17:29:13 +0200},
	Date-Modified = {2012-04-08 17:30:39 +0200},
	Journal = {Communications of the ACM},
	Keywords = {GWAP},
	Pages = {58-67},
	Title = {General Techniques for Designing Games with a Purpose},
	Year = {2008}}

@article{Ahn06,
	Author = {von Ahn, Luis},
	Date-Added = {2012-04-08 17:28:07 +0200},
	Date-Modified = {2012-04-08 17:31:05 +0200},
	Journal = {IEEE Computer Magazine},
	Keywords = {GWAP},
	Pages = {96-98},
	Title = {Games With A Purpose},
	Year = {2006}}

@inproceedings{LafourcadeZampa09,
	Address = {Singapore},
	Author = {Lafourcade, Mathieu and Zampa, Virginie},
	Booktitle = {Computer Games, Multimedia \& Allied technology 09 (CGAT'09)},
	Date-Added = {2012-04-08 17:24:47 +0200},
	Date-Modified = {2012-04-08 17:51:51 +0200},
	Keywords = {JeuxDeMots},
	Month = {11th-13th May},
	Title = {JeuxDeMots and PtiClic: games for vocabulary assessment and lexical acquisition.},
	Year = {2009}}

@techreport{MMEG05,
	Address = {Chamb{\'e}ry},
	Author = {Mangeot, Mathieu and Giguet, Emmanuel},
	Date-Added = {2011-09-06 21:14:32 +0200},
	Date-Modified = {2011-09-06 21:15:08 +0200},
	Institution = {LISTIC},
	Title = {Multilingual Aligned Corpora From Movie Subtitles},
	Year = {2005}}

@inproceedings{MDAKCBMM08,
	Address = {London, UK},
	Author = {Daoud, Mohammad and Kitamoto, Asanobu and Boitet, Christian and Mangeot, Mathieu},
	Booktitle = {ASLIB 2008, Translating and the Computer 30},
	Date-Added = {2011-08-31 11:06:33 +0200},
	Date-Modified = {2011-08-31 11:09:21 +0200},
	Month = {27-28 November},
	Pages = {14},
	Title = {CLIR-Based Collaborative Construction of Multilingual Terminological Dictionary for Cultural Resources},
	Year = {2008}}

@inproceedings{CCSTMM10,
	Address = {Algiers, Algeria},
	Author = {Courtin, Christophe and Talbot, St{\'e}phane and Mangeot, Mathieu},
	Booktitle = {International Conference on Machine and Web Intelligence (ICMWI)},
	Date-Added = {2011-08-31 11:02:59 +0200},
	Date-Modified = {2011-08-31 11:05:48 +0200},
	Keywords = {jibikipedia},
	Month = {3 October},
	Pages = {132-139},
	Title = {Activity regulation for the participative creation of data on-line},
	Year = {2010}}

@inproceedings{MTPWBMM06,
	Address = {Bertinoro, Forli, Italie},
	Author = {Tomokiyo, Mutsuko and Weyer-Brown, Peter and Mangeot, Mathieu},
	Booktitle = {Actes des Aspects m{\'e}thodologiques pour l'{\'e}laboration de lexiques unilingues et multilingues},
	Date-Added = {2011-08-31 11:02:57 +0200},
	Date-Modified = {2011-09-06 20:57:51 +0200},
	Month = {17-20 mai},
	Organization = {GLAT 2006},
	Pages = {12},
	Title = {Repr{\'e}sentation S{\'e}mantique de Lexique pour un Dictionnaire de Traduction Manuelle et Automatique},
	Year = {2006}}

@inproceedings{MDKKCBAKMM10,
	Address = {Beijing, China},
	Author = {Daoud, Mohammad and Kageura, Kyo and Boitet, Christian and Kitamoto, Asanobu and Mangeot, Mathieu},
	Booktitle = {6thWorkshop on Ontologies and Lexical Resources, hosted by COLING 2010},
	Date-Added = {2011-08-31 11:00:43 +0200},
	Date-Modified = {2011-08-31 11:02:50 +0200},
	Keywords = {MPG},
	Month = {22 August},
	Pages = {9},
	Title = {Multilingual Lexical Network from the Archives of the Digital Silk Road},
	Year = {2010}}

@inproceedings{MMST10,
	Address = {Penang, Malaysia},
	Author = {Mangeot, Mathieu and Touch, Sereysethy},
	Booktitle = {Second International Workshop on Spoken Languages Technologies for Under-Resourced Languages},
	Date-Added = {2011-08-31 10:53:23 +0200},
	Date-Modified = {2011-08-31 10:54:31 +0200},
	Keywords = {Mot{\`A}Mot},
	Month = {3-5 May},
	Pages = {6},
	Title = {Mot{\`A}Mot project: building a multilingual lexical system via bilingual dictionaries},
	Year = {2010}}

@inproceedings{MM09,
	Address = {Lisbonne, Portugal},
	Author = {Mangeot, Mathieu},
	Booktitle = {journ{\'e}es scientifiques LTT},
	Date-Added = {2011-08-31 10:51:28 +0200},
	Date-Modified = {2011-08-31 10:53:06 +0200},
	Keywords = {Mot{\`A}Mot},
	Month = {15-17 octobre},
	Pages = {12},
	Title = {Projet Mot {\`a} mot : {\'e}laboration d'un syst{\`e}me lexical multilingue parle biais de dictionnaires bilingues},
	Year = {2009}}

@inproceedings{MDCBAKMM09,
	Address = {Lyon, France},
	Author = {Daoud, Mohammad and Boitet, Christian and Kitamoto, Asanobu and Mangeot, Mathieu},
	Booktitle = {Second International Workshop on REsource Discovery},
	Date-Added = {2011-08-31 10:47:23 +0200},
	Date-Modified = {2011-08-31 10:51:04 +0200},
	Keywords = {MPG},
	Month = {24-28 August},
	Title = {Building a Community-Dedicated Preterminological Multilingual Graphs from Implicit and Explicit User Interactions},
	Year = {2009}}

@book{Buseman00,
	Address = {Waxhaw, North Carolina},
	Author = {Buseman, Alan and Buseman, Karen and Jordan, Dean and Coward, David},
	Date-Added = {2011-02-02 23:07:17 +0100},
	Date-Modified = {2011-02-02 23:15:02 +0100},
	Keywords = {shoebox, sil},
	Month = {312 p.},
	Publisher = {SIL International},
	Title = {The linguist's shoebox: tutorial and user's guide: integrated data management and analysis for the field linguist},
	Volume = {viii},
	Year = {2000}}

@article{Enguehard09,
	Address = {(ISSN 0850-3923)},
	Author = {Enguehard, Chantal},
	Date-Added = {2011-02-02 22:22:22 +0100},
	Date-Modified = {2011-02-02 22:24:54 +0100},
	Journal = {Sciences et Techniques du Langage},
	Pages = {29-50},
	Title = {Les langues d'Afrique de l'Ouest : de l'imprimante au traitement automatique des langues},
	Volume = {6},
	Year = {2009}}

@book{Eluerd00,
	Address = {Paris},
	Author = {Eluerd, Roland},
	Date-Added = {2011-01-31 23:45:08 +0100},
	Date-Modified = {2011-01-31 23:46:10 +0100},
	Publisher = {PUF, Que sais-je ?},
	Title = {La Lexicologie},
	Year = {2000}}

@book{Haralambous04,
	Author = {Haralambous, Yannis},
	Date-Added = {2011-01-31 23:38:25 +0100},
	Date-Modified = {2011-01-31 23:42:12 +0100},
	Publisher = {O'Reilly France},
	Title = {Fontes et codages},
	Year = {2004}}

@incollection{Streiter06,
	Author = {Streiter, Oliver and Scannell, Kevin and Stuflesser, Mathias},
	Booktitle = {Machine Translation},
	Date-Added = {2011-01-31 23:33:49 +0100},
	Date-Modified = {2011-01-31 23:36:31 +0100},
	Keywords = {NLP},
	Month = {March},
	Number = {3},
	Title = {Implementing NLP Projects for Non-Central Languages: Instructions for Funding Bodies, Strategies for Developers.},
	Volume = {20},
	Year = {2006}}

@book{Mortureux97,
	Address = {Paris, France},
	Author = {Mortureux, Marie-F},
	Date-Added = {2011-01-31 23:32:43 +0100},
	Date-Modified = {2011-01-31 23:33:36 +0100},
	Publisher = {SEDES},
	Title = {La lexicologie entre langue et discours},
	Year = {1997}}

@book{Matore73,
	Address = {Paris, France},
	Author = {Mator{\'e}, Georges},
	Date-Added = {2011-01-31 23:31:21 +0100},
	Date-Modified = {2011-01-31 23:32:33 +0100},
	Publisher = {Didier},
	Title = {La M{\'e}thode en lexicologie},
	Year = {1973}}

@inproceedings{Romary04,
	Acmid = {1610047},
	Address = {Stroudsburg, PA, USA},
	Author = {Romary, Laurent and Salmon-Alt, Susanne and Francopoulo, Gil},
	Booktitle = {Proceedings of the COLING Workshop on Enhancing and Using Electronic Dictionaries},
	Location = {Geneva, Switzerland},
	Numpages = {7},
	Pages = {22--28},
	Publisher = {Association for Computational Linguistics},
	Series = {ElectricDict '04},
	Title = {Standards going concrete: from LMF to Morphalou},
	Url = {http://portal.acm.org/citation.cfm?id=1610042.1610047},
	Year = {2004},
	Bdsk-Url-1 = {http://portal.acm.org/citation.cfm?id=1610042.1610047}}

@phdthesis{HDN98,
	Address = {Grenoble, France},
	Author = {Doan-Nguyen, Hai},
	Date-Added = {2011-01-30 20:22:42 +0100},
	Date-Modified = {2011-01-30 20:24:32 +0100},
	Keywords = {Recupdic, producdic},
	School = {Institut National Polytechnique de Grenoble},
	Title = {Techniques g{\'e}n{\'e}riques d'accumulation d'ensembles lexicaux structur{\'e}s {\`a} partir de ressources dictionnairiques informatis{\'e}es multilingues h{\'e}t{\'e}rog{\`e}nes},
	Type = {Th{\`e}se de nouveau doctorat, Sp{\'e}cialit{\'e} Informatique},
	Year = {1998}}

@inproceedings{ML96a,
	Address = {Grenoble, France},
	Author = {Lafourcade, Mathieu},
	Booktitle = {TALN'96},
	Date-Added = {2011-01-30 20:18:32 +0100},
	Date-Modified = {2011-01-30 20:39:50 +0100},
	Keywords = {TALN, FeM},
	Month = {12-13 juin},
	Pages = {162-168},
	Title = {Serveurs de dictionnaires - {\'E}tude de cas avec l'outil Alex et le projet de dictionnaire Fran{\c c}ais-Anglais-Malais},
	Volume = {1},
	Year = {1996}}

@inproceedings{TCJCMMM09,
	Address = {Riga, Latvia},
	Author = {Carron, Thibault and Marty, Jean-Charles and Mangeot, Mathieu},
	Booktitle = {IEEE-ICALT 2009},
	Date-Added = {2010-04-15 13:40:00 +0200},
	Date-Modified = {2010-04-15 13:41:25 +0200},
	Keywords = {Learning games},
	Month = {15-17 July 2009},
	Pages = {6},
	Title = {How to bring immersion in Learning Games?},
	Volume = {1/1},
	Year = {2009}}

@inproceedings{MMHTN09,
	Address = {DaNang, VietNam},
	Author = {Mangeot, Mathieu and Nguyen, Hong-Thai},
	Booktitle = {IEEE-RIVF 2009},
	Date-Added = {2010-04-15 13:36:36 +0200},
	Date-Modified = {2010-04-15 13:39:08 +0200},
	Keywords = {jibiki, Mot{\`A}Mot, PIVAX},
	Month = {14-16 July},
	Pages = {84-92},
	Title = {Building lexical resources: towards programmable contributive platforms},
	Volume = {1/1},
	Year = {2009}}

@book{Richer07,
	Author = {Richer, Denis and Keo T and Vanra Ieng},
	Date-Added = {2010-01-21 20:36:42 +0100},
	Date-Modified = {2010-01-21 20:37:35 +0100},
	Publisher = {D.R. Edition},
	Title = {Dictionnaire Fran{\c c}ais-Khmer (en phon{\'e}tique)},
	Year = {2007}}

@incollection{MelcukPolguere06,
	Author = {Mel'\v{c}uk, Igor and Polgu{\`e}re, Alain},
	Booktitle = {Langue fran{\c c}aise, num{\'e}ro sp{\'e}cial sur la collocation « Collocations, corpus, dictionnaires »},
	Date-Added = {2010-01-21 20:27:59 +0100},
	Date-Modified = {2010-01-21 20:39:59 +0100},
	Month = {June},
	Pages = {66-83},
	Publisher = {P. Blumenthal and F. J. Hausmann},
	Title = {D{\'e}rivations s{\'e}mantiques et collocations dans le DiCo/LAF.},
	Volume = {150},
	Year = {2006}}

@inproceedings{LafourcadeJoubert08,
	Address = {Lyon, France},
	Author = {Lafourcade, Mathieu and Joubert, Alain},
	Booktitle = {JADT 2008 : 9es Journ{\'e}es internationales d'Analyse statistique des Donn{\'e}es Textuelles},
	Date-Added = {2009-03-07 00:04:47 +0100},
	Date-Modified = {2009-03-07 00:07:08 +0100},
	Keywords = {JeuxDeMots},
	Month = {12-14 mars},
	Pages = {657-666},
	Title = {JeuxDeMots : un prototype ludique pour l'{\'e}mergence de relations entre termes},
	Year = {2008}}

@article{WordNet90,
	Author = {Miller, G. A. and Beckwith, R. and Fellbaum, C . and Gross, D. and Miller, K. J.},
	Date-Added = {2009-02-28 09:41:48 +0100},
	Date-Modified = {2009-02-28 09:43:05 +0100},
	Journal = {International Journal of Lexicography},
	Keywords = {WordNet},
	Number = {4},
	Pages = {235-244},
	Title = {Introduction to WordNet: an on-line lexical database},
	Volume = {3},
	Year = {1990}}

@inproceedings{Polguere06,
	Address = {Sydney},
	Author = {Polgu{\`e}re, Alain},
	Booktitle = {Workshop on Multilingual Language Resources and Interoperability (COLING/ACL 2006)},
	Date-Added = {2009-02-28 09:38:42 +0100},
	Date-Modified = {2009-02-28 16:24:19 +0100},
	Keywords = {LEC},
	Month = {17-21 July},
	Pages = {50-59},
	Title = {Structural properties of Lexical Systems: Monolingual and Multilingual Perspectives},
	Year = {2006}}

@phdthesis{VB04,
	Address = {Grenoble, France},
	Author = {Berment, Vincent},
	Date-Added = {2009-02-21 15:47:47 +0100},
	Date-Modified = {2009-07-19 18:28:36 +0700},
	Month = {18 mai, 277 p.},
	School = {Universit{\'e} Joseph Fourier Grenoble I},
	Title = {M{\'e}thodes pour informatiser des langues et des groupes de langues "peu dot{\'e}es"},
	Type = {Th{\`e}se de nouveau doctorat, Sp{\'e}cialit{\'e} Informatique},
	Year = {2004}}

@inproceedings{DRHTN09,
	Address = {Annecy, France},
	Author = {Rouquet, David and Nguyen, Hong-Thai},
	Booktitle = {Toth 2009},
	Date-Added = {2009-02-21 12:42:12 +0100},
	Date-Modified = {2009-02-21 12:43:30 +0100},
	Keywords = {ontologie},
	Month = {juin},
	Pages = {19},
	Title = {Multilingu{\"\i}sation d'une ontologie par des correspondances avec un lexique pivot},
	Year = {2009}}

@inproceedings{HTNCBGS07,
	Address = {Bangkok, Thailand},
	Author = {Nguyen, Hong-Thai and Boitet, Christian and S{\'e}rasset, Gilles},
	Booktitle = {SNLP-2007},
	Date-Added = {2009-02-21 12:40:31 +0100},
	Date-Modified = {2009-02-21 12:42:10 +0100},
	Keywords = {PIVAX},
	Month = {December},
	Pages = {6},
	Title = {PIVAX, an online contributive lexical data base for heterogeneous MT systems using a lexical pivot},
	Year = {2007}}

@mastersthesis{HTN05,
	Address = {Grenoble, France},
	Author = {Nguyen, Hong-Thai},
	Date-Added = {2009-02-21 12:38:43 +0100},
	Date-Modified = {2009-02-21 12:40:22 +0100},
	Keywords = {EDL, TAO},
	Month = {June},
	School = {Universit{\'e} Joseph Fourier Grenoble I},
	Title = {Vers un "m{\'e}ta-EDL", puis un "EDL g{\'e}n{\'e}rique" pour la TAO},
	Type = {M2R, 85 p.},
	Year = {2005}}

@inproceedings{CPHCBHB08,
	Address = {Marrakech, Morocco},
	Author = {Huynh, Cong-Phap and Boitet, Christian and Blanchon, Herv{\'e}},
	Booktitle = {LREC 2008: 6th Language Resources and Evaluation Conference},
	Date-Added = {2009-02-21 12:36:32 +0100},
	Date-Modified = {2009-02-21 15:53:58 +0100},
	Keywords = {SECTra},
	Month = {26-30 May},
	Pages = {6},
	Title = {SECTra\_w.1: an online collaborative system for evaluating, post-editing and presenting MT translation corpora},
	Year = {2008}}

@inproceedings{CBCPHHBHTNDR08,
	Address = {Bangkok, Thailand},
	Author = {Boitet, Christian and Huynh, Cong-Phap and Blanchon, Herv{\'e} and Nguyen, Hong-Thai and Rouquet, David},
	Booktitle = {ASWC/IC-08},
	Date-Added = {2009-02-21 12:33:52 +0100},
	Date-Modified = {2009-02-21 12:36:17 +0100},
	Pages = {11},
	Title = {A Web-oriented System to Manage the Translation of an Online Encyclopedia Using Classical MT and Deconversion from UNL},
	Year = {2008}}

@inproceedings{EB99,
	Address = {Beijing, China},
	Author = {Blanc, {\'E}tienne},
	Booktitle = {NLPRS'99: the 5th Natural Language Processing Pacific Rim Symposium},
	Date-Added = {2009-02-21 12:31:34 +0100},
	Date-Modified = {2009-03-05 16:33:06 +0100},
	Keywords = {UNL, PARAX, multilingual lexical database},
	Pages = {4},
	Title = {PARAX-UNL: a large scale Hypertextual multilingual lexical database},
	Year = {1999}}

@inproceedings{CBVBMMCR08,
	Address = {Bangalore, India},
	Author = {Boitet, Christian and Bellynck, Val{\'e}rie and Mangeot, Mathieu and Ramisch, Carlos},
	Booktitle = {ONII'08},
	Date-Added = {2009-02-19 17:11:23 +0100},
	Date-Modified = {2009-02-19 17:14:20 +0100},
	Editor = {Bhattacharyya, Pushpak},
	Keywords = {iMAG},
	Month = {16-18 July},
	Pages = {8},
	Title = {Towards Higher Quality Internal and Outside Multilingualization of Web Site},
	Year = {2008}}

@inproceedings{MM06,
	Address = {Genoa, Italy},
	Author = {Mangeot, Mathieu},
	Booktitle = {Acquiring and Representing Multilingual, Specialized Lexicons: the Case of Biomedicine, LREC workshop},
	Date-Added = {2009-02-19 17:04:59 +0100},
	Date-Modified = {2009-02-19 17:09:33 +0100},
	Editor = {Pierre Zweigenbaum},
	Keywords = {Papillon, dictionary, jibiki},
	Month = {22 May},
	Pages = {6},
	Title = {Papillon project: Retrospective and Perspectives.},
	Year = {2006}}

@mastersthesis{MM97,
	Author = {Mangeot, Mathieu},
	Month = {juin},
	Pages = {58},
	School = {Universit{\'e} Joseph Fourier},
	Title = {Outils pour lexicographes na{\"\i}fs (en informatique)},
	Type = {Rapport de DEA d'informatique : Syst{\`e}mes et Communications},
	Year = {1997}}

@inproceedings{MM98,
	Address = {Paris},
	Author = {Mangeot, Mathieu},
	Booktitle = {TALN'98},
	Month = {10-12 juin},
	Pages = {3},
	Title = {Conception, impl{\'e}mentation et indexation de BaLeM, une base lexicale multilingue},
	Volume = {1},
	Year = {1998}}

@inproceedings{MM99,
	Address = {Beyrouth, Liban},
	Author = {Mangeot, Mathieu},
	Booktitle = {Proc. LTT'99},
	Editor = {Clas, Andr{\'e}},
	Pages = {3},
	Title = {Acc{\`e}s unique {\`a} des dictionnaires h{\'e}t{\'e}rog{\`e}nes},
	Volume = {1},
	Year = {1999}}

@techreport{MM99a,
	Author = {Mangeot, Mathieu},
	Institution = {GETA-CLIPS-IMAG},
	Month = {juin},
	Title = {Nouvelle architecture pour le serveur UNL},
	Year = {1999}}

@techreport{MM99b,
	Author = {Mangeot, Mathieu},
	Institution = {GETA-CLIPS-IMAG},
	Month = {juin},
	Pages = {6},
	Title = {De l'ordre dans les dictionnaires au GETA},
	Year = {1999}}

@inproceedings{MTMMEP00,
	Address = {National Olympic Memorial Youth Center, Tokyo, Japon},
	Author = {Tomokiyo, Mutsuko and Mangeot, Mathieu and Planas, Emmanuel},
	Booktitle = {JST'00 Journ{\'e}es Science et Technologie},
	Date-Modified = {2009-02-19 17:01:38 +0100},
	Keywords = {Papillon, dictionary},
	Month = {13-14 novembre},
	Pages = {3},
	Title = {Papillon: a Project of Lexical Database for English, French and Japanese, using Interlingual Links},
	Year = {2000}}

@inproceedings{MM00,
	Address = {Kasetsart University, Bangkok, Thailand},
	Author = {Mangeot, Mathieu},
	Booktitle = {WAINS'7, 7th Workshop on Advanced Information Network and System},
	Month = {7-8 December},
	Pages = {6},
	Title = {Papillon Lexical Database Project: Monolingual Dictionaries and Interlingual Links},
	Year = {2000}}

@phdthesis{MM01,
	Address = {Grenoble, France},
	Author = {Mathieu Mangeot},
	Date-Modified = {2009-07-19 18:31:59 +0700},
	Keywords = {CDM, DML, Papillon},
	Month = {27 septembre, 258 p.},
	School = {Universit{\'e} Joseph Fourier Grenoble I},
	Title = {Environnements centralis{\'e}s et distribu{\'e}s pour lexicographes et lexicologues en contexte multilingue},
	Type = {Th{\`e}se de nouveau doctorat, Sp{\'e}cialit{\'e} Informatique},
	Year = {2001}}

@inproceedings{MMGS01,
	Address = {National Olympic Memorial Youth Center, Tokyo, Japon},
	Author = {Mangeot, Mathieu and S{\'e}rasset, Gilles},
	Booktitle = {JST-01 Journ{\'e}es Science et Technologie},
	Month = {19-20 d{\'e}cembre},
	Pages = {149-150},
	Title = {Projet Papillon : architecture du serveur Web et structure des articles},
	Year = {2001}}

@inproceedings{MM02a,
	Address = {Tokyo, Japan},
	Author = {Mangeot, Mathieu},
	Booktitle = {Proc. of Papillon 2002 Workshop},
	Date-Modified = {2009-02-19 17:00:15 +0100},
	Keywords = {Papillon, jibiki, XML, meta-data, dictionary},
	Month = {18 July},
	Pages = {10},
	Title = {How to Import an Existing XML Dictionary Into the Papillon Platform},
	Year = {2002}}

@inproceedings{MM02b,
	Address = {Tokyo, Japan},
	Author = {Mangeot, Mathieu},
	Booktitle = {Proc. of Papillon 2002 Workshop},
	Date-Modified = {2009-02-19 17:00:54 +0100},
	Keywords = {Papillon, dictionary},
	Month = {18 July},
	Pages = {10},
	Title = {Proposal Changes for the Monolingual XML Schema},
	Year = {2002}}

@inproceedings{JGMM02,
	Address = {Hua Hin, Prachuapkirikhan, Thailand},
	Author = {Godard, J{\'e}r{\^o}me and Mangeot, Mathieu},
	Booktitle = {Proc. of SNLP-Oriental COCOSDA 2002},
	Month = {9-11 May},
	Pages = {249-254},
	Title = {Data Repository Organization and Recuperation Process for Multilingual Lexical Databases},
	Year = {2002}}

@inproceedings{MM02l,
	Address = {Las Palmas, Spain},
	Author = {Mangeot, Mathieu},
	Booktitle = {LREC Workshop on International Standards of Terminology and Language Resources Management},
	Date-Modified = {2009-02-19 16:56:36 +0100},
	Keywords = {XML, CDM, jibiki, Papillon},
	Month = {28 May},
	Pages = {37-44},
	Title = {An XML Markup Language Framework for Lexical Databases Environments: the Dictionary Markup Language},
	Year = {2002}}

@inproceedings{MMGS02,
	Address = {Taipei, Taiwan},
	Author = {Mangeot, Mathieu and S{\'e}rasset, Gilles},
	Booktitle = {Proc. of SEMANET Workshop, Post COLING 2002 Workshop},
	Editor = {Ngai, Grace and Fung, Pascale and Church, Kenneth W.},
	Month = {31 August},
	Pages = {9-15},
	Title = {Frameworks, Implementation and Open Problems for the Collaborative Building of a Multilingual Lexical Database},
	Year = {2002}}

@inproceedings{MMCBGS02,
	Address = {Taipei, Taiwan},
	Author = {Boitet, Christian and Mangeot, Mathieu and S{\'e}rasset, Gilles},
	Booktitle = {Proc. of the 2nd Workshop NLPXML 2002, Post COLING 2002 Workshop},
	Date-Modified = {2009-07-19 18:29:56 +0700},
	Editor = {Wilcock, Graham and Ide, Nancy and Romary, Laurent},
	Month = {1 September},
	Pages = {93-96},
	Title = {The Papillon project: cooperatively building a multilingual lexical data-base to derive open source dictionaries and lexicons},
	Year = {2002}}

@inproceedings{MM02j,
	Address = {National Olympic Memorial Youth Center, Tokyo, Japon},
	Author = {Mangeot, Mathieu},
	Booktitle = {JST'02 Journ{\'e}es Science et Technologie},
	Month = {17-19 novembre},
	Pages = {64-65},
	Title = {Projet Papillon : int{\'e}gration de dictionnaires existants et gestion des contributions},
	Year = {2002}}

@article{MMGSML03,
	Author = {Mangeot, Mathieu and S{\'e}rasset, Gilles and Lafourcade, Mathieu},
	Editor = {Michael Zock and John Caroll},
	Journal = {Traitement Automatique des Langues},
	Month = {February},
	Number = {2},
	Pages = {151-176},
	Title = {Construction collaborative d'une base lexicale multilingue},
	Volume = {44},
	Year = {2004}}

@inproceedings{MMKK03a,
	Address = {{\'E}cole Normale Sup{\'e}rieure, Paris},
	Author = {Mangeot, Mathieu and Kuroda, Kyoko},
	Booktitle = {Proc. MTT'03 Premi{\`e}re conf{\'e}rence internationale sur la Th{\'e}orie Sens-Texte},
	Date-Modified = {2009-02-19 17:00:40 +0100},
	Keywords = {Papillon, dictionary},
	Month = {16-18 June},
	Pages = {33-42},
	Title = {Divergences interlinguistiques dans le dictionnaire multilingue Papillon},
	Year = {2003}}

@inproceedings{MMKK03b,
	Address = {Urayasu, Chiba, Japan},
	Author = {Mangeot, Mathieu and Kuroda, Kyoko},
	Booktitle = {Proc. ASIALEX'2003, Meikai University},
	Month = {27-29 August},
	Pages = {33-42},
	Title = {Interlinguistic Divergences in Papillon Multilingual Dictionary},
	Year = {2003}}

@inproceedings{MMSBDT03,
	Address = {National Olympic Memorial Youth Center, Tokyo, Japon},
	Author = {Mangeot, Mathieu and Bilac, Slaven and Thevenin, David},
	Booktitle = {JSF'2003 Journ{\'e}es Scientifiques Francophones},
	Month = {24-26 novembre},
	Pages = {3},
	Title = {Construction collaborative d'un dictionnaire multilingue : le projet Papillon},
	Year = {2003}}

@inproceedings{MMDT04,
	Address = {Geneva, Switzerland},
	Author = {Mangeot, Mathieu and Thevenin, David},
	Booktitle = {Proc. of the COLING 2004 conference},
	Month = {26 August},
	Pages = {1029-1035},
	Title = {Online Generic Editing of Heterogeneous Dictionary Entries in Papillon Project},
	Volume = {2},
	Year = {2004}}

@inproceedings{MM05,
	Address = {Chiang Rai, Thailand},
	Author = {Lafourcade, Mathieu},
	Booktitle = {Proc. of Papillon 2005 Workshop},
	Month = {11-13 December},
	Pages = {52-58},
	Title = {Back to the roots: building a French-Japanese dictionary},
	Year = {2005}}

@inproceedings{ACMM06,
	Address = {Turin, Italie},
	Author = {Chalvin, Antoine and Mangeot, Mathieu},
	Booktitle = {EURALEX 2006, {\`a} para{\^\i}tre},
	Date-Modified = {2009-02-19 17:02:58 +0100},
	Keywords = {GDEF, jibiki, dictionary},
	Month = {6-9 septembre},
	Title = {M{\'e}thodes et outils pour la lexicographie bilingue en ligne : le cas du Grand Dictionnaire Estonien-Fran{\c c}ais},
	Year = {2006}}

@inproceedings{MMAC06,
	Address = {Genova, Italy},
	Author = {Mangeot, Mathieu and Chalvin, Antoine},
	Booktitle = {LREC 2006},
	Date-Modified = {2009-03-05 16:31:24 +0100},
	Keywords = {jibiki, GDEF, dictionary},
	Month = {21-26 May},
	Pages = {1666-1669},
	Title = {Dictionary Building with the Jibiki Platform: the GDEF case},
	Year = {2006}}

@inproceedings{Barriere01,
	Address = {Nancy},
	Author = {Barri{\`e}re, C. and Copeck, T.},
	Booktitle = {TIA 2001},
	Title = {Building Domain Knowledge from Specialized Texts},
	Year = {2001}}

@techreport{EB94,
	Author = {Blanc, Etienne and S{\'e}rasset, Gilles and Tch{\'e}ou, Francois},
	Institution = {GETA, IMAG (UJF \& CNRS)},
	Month = {August},
	Title = {Designing an Acception-Based Multilingual Lexical Data Base under HyperCard: PARAX},
	Type = {Research Report},
	Year = {1994}}

@techreport{EB95,
	Author = {Blanc, Etienne and S{\'e}rasset, Gilles},
	Institution = {GETA, IMAG (UJF \& CNRS)},
	Month = {septembre},
	Title = {G{\'e}n{\'e}ration du dictionnaire du d{\'e}sambigu{\"\i}seur interactif de la maquette LIDIA {\`a} partir de la base PARAX},
	Type = {Rapport de recherche (projet Eureka EUROLANG)},
	Year = {1995}}

@inproceedings{EB96,
	Author = {Etienne Blanc},
	Booktitle = {Lexicomatique et Dictionnairique, Actes du colloque LTT},
	Pages = {43-58},
	Publisher = {Universit{\'e}s Francophones, Actualit{\'e}s scientifiques, AUPELF-UREF},
	Title = {Une maquette de base lexicale multilingue {\`a} pivot lexical : PARAX},
	Year = {1995}}

@techreport{HB95,
	Author = {Blanchon, Herv{\'e} and S{\'e}rasset, Gilles},
	Institution = {GETA, IMAG (UJF \& CNRS)},
	Month = {september},
	Title = {Le serveur de d{\'e}sambigu{\"\i}sation de la maquette LIDIA-1.2},
	Type = {Rapport de recherche (projet Eureka EUROLANG)},
	Year = {1995}}

@techreport{CB95a,
	Author = {Boitet, Christian and Planas, Emmanuel and Blanchon, Herv{\'e} and Blanc, {\'e}tienne and Guilbaud, Jean-Philippe and Guillaume, Pierre and Lafourcade, Mathieu and S{\'e}rasset, Gilles},
	Institution = {GETA-CLIPS-IMAG},
	Title = {LIDIA-1.2, une maquette de TAO personnelle multicible, utilisant la messagerie usuelle, la d{\'e}sambigu{\"\i}sation interactive, et la retrotraduction},
	Type = {Rapport final du projet Eureka Eurolang},
	Year = {1995}}

@techreport{CB95b,
	Author = {Boitet, Christian and Blanc, {\'E}tienne and S{\'e}rasset, Gilles and Guilbaud, Jean-Philippe and N{\'e}dobejkine, Nicolas and Guillaume, Pierre and Lafourcade, Mathieu},
	Date-Modified = {2009-02-19 16:57:54 +0100},
	Institution = {GETA, IMAG (UJF & CNRS)},
	Month = {May},
	Title = {Avancement de LIDIA-1.2, une maquette de TAO personnelle multicible, utilisant la messagerie usuelle, et avec r{\'e}trotraduction},
	Type = {Rapport de contrat Eureka EuroLang},
	Year = {1995}}

@article{Bourrigault93,
	Author = {Bourrigault, D.},
	Journal = {TAL},
	Number = {2},
	Pages = {105-118},
	Title = {Analyse locale pour le rep{\`e}rage des termes complexes dans les textes},
	Volume = {34},
	Year = {1993}}

@inproceedings{Calvary01,
	Address = {Toronto, Canada},
	Author = {Calvary, Ga\"elle and Coutaz, Jo\"elle and Thevenin, David},
	Booktitle = {EHCI'01, IFIP WG2.7 (13.2) Working Conference},
	Pages = {173-192},
	Title = {Unifying Reference Framework for the Development of Plastic User Interfaces},
	Year = {2001}}

@inproceedings{Calvary02,
	Address = {Bucharest, Romania},
	Author = {Calvary, Ga\"elle and Coutaz, Jo\"elle and Thevenin, David and Limbourg, Quentin and Souchon, Nathalie and Bouillon, Laurent and Vanderdonckt, Jean},
	Booktitle = {Proc. TAMODIA 2002},
	Pages = {127-134},
	Publisher = {INFOREC Publishing House},
	Title = {Plasticity of User Interfaces: A Revised Reference Framework},
	Year = {2002}}

@article{Chauche90,
	Author = {Chauch{\'e}, Jacques},
	Journal = {TA Informations},
	Number = {1},
	Pages = {17-24},
	Title = {D\'{e}termination s\'{e}mantique en analyse structurelle : une exp\'{e}rience bas\'{e}e sur une d\'{e}finition de distance},
	Volume = {31},
	Year = {1990}}

@inproceedings{ChaucheStanford96,
	Address = {Le Col de Porte, France},
	Author = {Chauch{\'e}, Jacques and Sandford, Eug{\`e}ne},
	Booktitle = {Actes de MIDDIM-96},
	Month = {Ao{\^u}t},
	Pages = {56-66},
	Title = {D{\'e}termination s{\'e}mantique en analyse structurelle : une exp{\'e}rience bas{\'e}e sur une d{\'e}finition de distance},
	Year = {1996}}

@inproceedings{MHCMM99,
	Address = {P{\'e}cs, Hungary},
	Author = {Corr{\'e}ard, Marie-H{\'e}l{\`e}ne and Mangeot, Mathieu},
	Booktitle = {Proc. COMPLEX'99},
	Month = {June},
	Pages = {6},
	Title = {XML- A Solution For LDBs, Eds and MRDs?},
	Year = {1999}}

@article{Cruse95,
	Author = {Cruse, D. A. and Togia, P.},
	Journal = {Lexicology},
	Pages = {113-141},
	Title = {Towards a cognitive model of antonymy},
	Volume = {1},
	Year = {1995}}

@manual{Dafa01,
	Author = {Verlinde, S. and Selva, T.},
	Organization = {http://www.projetdafa.net},
	Title = {{DAFA} - Dictionnaire d'Apprentissage du Fran\c{c}ais des Affaires},
	Year = {2001}}

@article{Deerwester90,
	Author = {Deerwester, S. and Dumais, S. and Landauer, T. and Furnas, G. and Harshman, R.},
	Journal = {Journal of the American Society of Information Science},
	Number = {6},
	Pages = {391-407},
	Title = {Indexing by latent semantic analysis},
	Volume = {416},
	Year = {1990}}

@inproceedings{Desperrier2002,
	Address = {NII, Tokyo, Japan},
	Author = {Jean-Marc Desperrier},
	Booktitle = {Papillon'2002 Seminar},
	Month = {July},
	Publisher = {http://www.papillon-dictionary.org/ConsultInformations.po},
	Title = {Analyzis of the results of a collaborative project for the creation of a Japanese-French dictionary},
	Year = {2002}}

@article{Fellbaum95,
	Author = {Fellbaum, C.},
	Journal = {International Journal of Lexicography},
	Pages = {281-303},
	Title = {Co-occurrence and antonymy},
	Volume = {8},
	Year = {1995}}

@book{FEM96,
	Address = {Kuala Lumpur},
	Author = {Gut, Yvan and Rashida Megat Ramli, Puteri and Yusoff, Zaharin and Choy Chuah, Kim and Samat, Salina A. and Boitet, Christian and Nedobejkine, Nicolai and Lafourcade, Mathieu and Gaschler, Jean and Levenbach, Dorian},
	Publisher = {Dewan Bahasa dan Pustaka},
	Title = {Kamus Perancis-Melayu Dewan, Dictionnaire francais-malais},
	Year = {1996}}

@book{Fischer73,
	Address = {M\"{u}nchen},
	Author = {Fischer, W. L.},
	Publisher = {Max H\"{u}ber Verlag},
	Title = {\"{A}quivalenz und Toleranz Strukturen in der Linguistik zur Theory der Synonyma},
	Year = {1973}}

@inproceedings{Giguet05a,
	Address = {Borovets, Bulgaria},
	Author = {Giguet, Emmanuel},
	Booktitle = {Recent Advances in Natural Language Processing (RANLP) International Workshop ``New Trends in Machine Translations''},
	Month = {24 September},
	Title = {Multi-grained alignment of parallel texts with endogenous resources},
	Year = {2005}}

@inproceedings{Giguet05b,
	Address = {Paris, France},
	Author = {Giguet, Emmanuel},
	Booktitle = {Journ{\'e}e « Articuler les traitements sur corpus », organis{\'e}e par Beno{\^\i}t Habert, Serge Heiden et Andr{\'e} Salem},
	Month = {12 f{\'e}vrier},
	Title = {Mod{\'e}lisation de l'activit{\'e} exp{\'e}rimentale du chercheur en traitement des langues sur corpus multilingues},
	Year = {2005}}

@inproceedings{GiguetApidianaki05,
	Address = {Lorient, France},
	Author = {Giguet, Emmanuel and Apidianaki, Marianna},
	Booktitle = {Journ{\'e}e Internationale de la Linguistique de Corpus},
	Month = {septembre},
	Title = {Alignement d'unit{\'e}s textuelles de taille variable},
	Year = {2005}}

@article{Gwei87,
	Author = {Gwei, G.M. and Foxley, E.},
	Journal = {The Computer Journal},
	Number = {6},
	Pages = {551-557},
	Title = {A Flexible Synonym Interface with application examples in CAL and Help Environments},
	Volume = {30},
	Year = {1987}}

@inproceedings{Hamon01,
	Address = {Nancy},
	Author = {Hamon, T. and Nazarenko, A.},
	Booktitle = {TIA 2001},
	Title = {La structuration de terminologie : une n\'{e}cessaire coop\'{e}ration},
	Year = {2001}}

@inproceedings{Hathout01,
	Address = {Tours},
	Author = {Hathout, N.},
	Booktitle = {TALN 2001},
	Pages = {223-232},
	Title = {Analogies morpho-synonymiques. Une m\'{e}thode d'acquisition automatique de liens morphologiques \'{a} partir d'un dictionnaire de synonymes},
	Year = {July 2001}}

@inproceedings{Hearst98,
	Author = {Hearst, M.A.},
	Booktitle = {Wordnet An Electronic Lexical Database},
	Editor = {Fellbaum, C.},
	Pages = {131-151},
	Publisher = {MIT Press, Cambridge, MA},
	Title = {Automated discovery of Wordnet relations},
	Year = {1998}}

@article{Justeson91,
	Author = {Justeson, J.S. and Katz, S.},
	Journal = {Computational Linguistics},
	Pages = {1-19},
	Title = {Co-occurrences of antonymous adjectives and their contexts},
	Volume = {17},
	Year = {1991}}

@misc{ML92,
	Abstract = {String functions strongly inspired by the REXX functions. The parse function of REXX is included.},
	Author = {Lafourcade, Mathieu and S{\'e}rasset, Gilles},
	Edition = {logiciel libre pour Macintosh Common Lisp},
	Keywords = {Strings manager, parser, REXX},
	Organization = {GETA},
	Title = {Geta-Strings: Logiciel libre Macintosh Common Lisp},
	Year = {1992}}

@misc{ML93a,
	Author = {Lafourcade, Mathieu and S{\'e}rasset, Gilles},
	Keywords = {graph, grapher, extensible protocol for grapher},
	Organization = {GETA-IMAG},
	Title = {Geta-Grapher: Logiciel libre Macintosh Common Lisp},
	Year = {1993}}

@misc{ML93b,
	Author = {Lafourcade, Mathieu and S{\'e}rasset, Gilles},
	Edition = {Logiciel libre Macintosh Common Lisp},
	Keywords = {Class Browser, CLOS, Geta-Grapher},
	Organization = {GETA-IMAG},
	Title = {DOP (Dictionary Object Protocol): Logiciel libre Macintosh Common Lisp},
	Year = {1993}}

@article{ML96,
	Author = {Lafourcade, Mathieu and S{\'e}rasset, Gilles},
	Journal = {MacTech Magazine},
	Number = {7},
	Pages = {25-32},
	Title = {Apple Technology Integration, a Web dictionary server as a practical example},
	Volume = {12},
	Year = {1996}}

@inproceedings{ML99,
	Address = {Carg\`ese},
	Author = {Lafourcade, Mathieu and Sandford, E.},
	Booktitle = {TALN'99},
	Pages = {351-356},
	Title = {Analyse et d\'esambigu\" \i sation lexicale par vecteurs s\'emantiques},
	Year = {juillet 1999}}

@inproceedings{ML01,
	Address = {Tokyo},
	Author = {Lafourcade, Mathieu},
	Booktitle = {First International Workshop on MultiMedia Annotation (MMA'2001)},
	Pages = {6},
	Title = {Lexical sorting and lexical transfer by conceptual vectors},
	Year = {January 2001}}

@inproceedings{LafourcadePrince01,
	Address = {Tours},
	Author = {Lafourcade, Mathieu and Prince, Violaine},
	Booktitle = {TALN 2001},
	Pages = {233-242},
	Title = {Synonymies et vecteurs conceptuels},
	Year = {Juillet 2001}}

@article{LafourcadePrinceSchwab02,
	Author = {Mathieu Lafourcade and Violaine Prince and Didier Schwab},
	Journal = {TAL},
	Number = {1},
	Pages = {43-72},
	Title = {Vecteurs conceptuels et structuration {\'e}mergente de terminologies},
	Volume = {43},
	Year = {2002}}

@inproceedings{LapalmeGS03,
	Address = {Hokkaido University, Sapporo, Japan},
	Author = {Lapalme, Guy and S{\'e}rasset, Gilles},
	Booktitle = {Papillon'2003 Seminar},
	Month = {July},
	Publisher = {http://www.papillon-dictionary.org/ConsultInformations.po},
	Title = {Batch creation of Papillon entries from DiCo},
	Year = {2003}}

@book{Larousse01,
	Author = {Larousse},
	Publisher = {Larousse},
	Title = {Th\'esaurus Larousse - des id\'ees aux mots - des mots aux id\'ees.},
	Year = {1992}}

@book{DEC184,
	Address = {Montr{\'e}al(Quebec), Canada},
	Author = {Mel'\v{c}uk, Igor and Arbatchewsky-Jumarie, Nadia and Eltnisky, L{\'e}o and Iordanskaja, Lidija and Lessard, Ad{\`e}le},
	Date-Modified = {2009-02-28 09:34:40 +0100},
	Keywords = {TST, DEC, dictionary},
	Publisher = {Presses de l'universit{\'e} de Montr{\'e}al},
	Title = {DEC : Dictionnaire explicatif et combinatoire du fran\c{c}ais contemporain, recherches lexico-s{\'e}mantiques I},
	Year = {1984}}

@book{DEC289,
	Address = {Montr{\'e}al(Quebec), Canada},
	Author = {Mel'\v{c}uk, Igor and Arbatchewsky-Jumarie, Nadia and Dagenais, Louise and Elnitsky, L{\'e}o and Iordanskaja, Lidija and Lefebvre, Marie-No{\"e}lle and Mantha, Suzanne},
	Date-Modified = {2009-02-28 09:34:57 +0100},
	Keywords = {TST, DEC, dictionary},
	Publisher = {Presses de l'universit{\'e} de Montr{\'e}al},
	Title = {DEC : Dictionnaire explicatif et combinatoire du fran\c{c}ais contemporain, recherches lexico-s{\'e}mantiques II},
	Year = {1988}}

@book{DEC395,
	Address = {Montr{\'e}al(Quebec), Canada},
	Author = {Mel'\v{c}uk, Igor and Arbatchewsky-Jumarie, Nadia and Iordanskaja, Lidija and Mantha, Suzanne},
	Date-Modified = {2009-02-28 09:35:06 +0100},
	Keywords = {TST, DEC, dictionary},
	Publisher = {Presses de l'universit{\'e} de Montr{\'e}al},
	Title = {DEC : Dictionnaire explicatif et combinatoire du fran\c{c}ais contemporain, recherches lexico-s{\'e}mantiques III},
	Year = {1992}}

@book{DEC496,
	Address = {Montr{\'e}al(Quebec), Canada},
	Author = {Mel'\v{c}uk, Igor and Arbatchewsky-Jumarie, Nadia and Iordanskaja, Lidija and Mantha, Suzanne and Polgu{\`e}re, Alain},
	Date-Modified = {2009-02-28 09:35:14 +0100},
	Keywords = {TST, DEC, dictionary},
	Publisher = {Presses de l'universit{\'e} de Montr{\'e}al},
	Title = {DEC : Dictionnaire explicatif et combinatoire du fran\c{c}ais contemporain, recherches lexico-s{\'e}mantiques IV},
	Year = {1996}}

@book{DEC1a4,
	Address = {Canada},
	Author = {Mel'\v{c}uk, Igor and Arbatchewsky-Jumarie, Nadia and Eltnisky, L{\'e}o and Iordanskaja, Lidija and Lessard, Ad{\`e}le and Mantha, Suzanne and Polgu{\`e}re, Alain},
	Date-Modified = {2009-02-28 09:35:10 +0100},
	Keywords = {TST, DEC, dictionary},
	Publisher = {Presses de l'universit{\'e} de Montr{\'e}al},
	Title = {DEC : Dictionnaire explicatif et combinatoire du fran\c{c}ais contemporain, recherches lexico-s{\'e}mantiques I,II,III et IV},
	Year = {1984,88,92,96}}

@article{Melcuk78,
	Author = {Mel'\v{c}uk, Igor},
	Journal = {META},
	Number = {4},
	Pages = {271-302},
	Title = {Th{\'e}orie du langage, th{\'e}orie de la traduction},
	Volume = {23},
	Year = {1978}}

@article{Melcuk81,
	Author = {Mel'\v{c}uk, Igor},
	Journal = {Annual Review of Anthropology},
	Pages = {27-62},
	Title = {Meaning-Text Models: A recent trend in Soviet linguistics},
	Volume = {10},
	Year = {1981}}

@book{MelcukClasPolguere95,
	Address = {Louvain-la Neuve},
	Author = {Mel'\v{c}uk, Igor and Clas, Andre and Polgu{\`e}re, Alain},
	Date-Modified = {2009-02-28 09:35:32 +0100},
	Keywords = {TST,LEC, dictionary},
	Publisher = {AUPELF-UREF et Duculot},
	Series = {Universites francophones et champs linguistiques},
	Title = {Introduction {\`a} la lexicologie explicative et combinatoire},
	Year = {1995}}

@book{Melcuk95,
	Author = {Mel'\v{c}uk, Igor},
	Series = {Wiener Slawistischer Almanach & Gnosis},
	Title = {The Russian Language in the Meaning Text Perspective},
	Year = {1995}}

@incollection{MelcukWanner95,
	Address = {Amsterdam/Philadelphia},
	Author = {Mel'\v{c}uk, Igor},
	Booktitle = {Lexical Functions in Lexicography and Natural Language Processing},
	Editor = {Wanner, Leo},
	Pages = {37-102},
	Publisher = {John Benjamins},
	Title = {Lexical Functions: A Tool for the description of Lexical Relations in the Lexicon},
	Year = {1995}}

@book{Melcuk96,
	Author = {Mel'\v{c}uk, Igor},
	Publisher = {Les presses de l'universit{\'e} de Montr{\'e}al},
	Title = {Cours de morphologie g{\'e}n{\'e}rale},
	Year = {1996}}

@article{MelcukWanner01,
	Author = {Mel'\v{c}uk, Igor and Wanner, Leo},
	Journal = {Machine Translation},
	Month = {March},
	Number = {1},
	Pages = {21-87},
	Publisher = {Kluwer Academic Publishers},
	Title = {Towards a Lexicographic Approach to Lexical Transfer in Machine Translation (Illustrated by the GermanRussian Language Pair)},
	Volume = {16},
	Year = {2001}}

@manual{OCDE91,
	Author = {OCDE},
	Organization = {http://info.uibk.ac.at/info/oecd-macroth/},
	Title = {Macrothesaurus},
	Year = {1991}}

@article{Ploux98,
	Author = {Ploux, S. and Victorri, B.},
	Journal = {TAL},
	Number = {1},
	Pages = {161-182},
	Title = {Construction d'espaces s\'{e}mantiques \'{a} l'aide de dictionnaires de synonymes},
	Volume = {39},
	Year = {1998}}

@inproceedings{Polguere00,
	Address = {Stuttgart, Germany},
	Author = {Polgu{\`e}re, Alain},
	Booktitle = {Proceedings of EURALEX'2000},
	Date-Modified = {2009-07-19 18:31:09 +0700},
	Pages = {517-527},
	Title = {Towards a theoretically-motivated general public dictionary of semantic derivations and collocations for French},
	Year = {2000}}

@manual{Polguere02,
	Author = {Polgu{\`e}re, Alain},
	Organization = {{OLST}-D{\'e}partement de linguistique et de traduction, Universit{\'e} de Montr{\'e}al},
	Title = {Notions de base en lexicologie},
	Year = {2002}}

@techreport{Prince91,
	Author = {Prince, V.},
	Institution = {CNRS},
	Number = {91-20},
	Title = {Notes sur l'\'{e}valuation de la r\'{e}ponse dans {TEDDI} : introduction d'une relation d'\'{e}quivalence pour la synonymie relative},
	Type = {Notes et Documents LIMSI},
	Year = {1991}}

@inproceedings{QuahBondYamazaki01,
	Address = {Seoul},
	Author = {Quah, C. K. and Bond, F. and Yamazaki, T.},
	Booktitle = {Proceedings of AsiaLex},
	Pages = {200-205},
	Title = {Design and Construction of a machine-tractable Malay-English Lexicon},
	Year = {2001}}

@inproceedings{Resnik95,
	Author = {Resnik, P.},
	Booktitle = {IJCAI-95},
	Title = {Using Information contents to evaluate semantic similarity in a taxonomy},
	Year = {1995}}

@article{Riloff95,
	Author = {Riloff, E. and Shepherd, J.},
	Journal = {Natural Language Engineering},
	Number = {2},
	Pages = {147-156},
	Title = {A corpus-based bootstrapping algorithm for Semi-Automated semantic lexicon construction},
	Volume = {5},
	Year = {1995}}

@book{Salton68,
	Author = {Salton, G.},
	Publisher = {McGraw-Hill, New York},
	Title = {Automatic Information Organisation and Retrieval},
	Year = {1968}}

@book{SaltMac83,
	Author = {Salton, G. and MacGill, M.J.},
	Publisher = {McGraw-Hill, New York},
	Title = {Introduction to Modern Information Retrieval},
	Year = {1983}}

@book{Salton88,
	Author = {Salton, G.},
	Edition = {McGraw-Hill computer science series, vol. 24},
	Publisher = {McGraw-Hill},
	Title = {Term-Weighting Approaches in Automatic Text Retrieval},
	Year = {1988}}

@mastersthesis{Schwab01,
	Address = {Montpellier},
	Author = {Schwab, Didier},
	School = {LIRMM},
	Title = {Vecteurs conceptuels et fonctions lexicales : application \`{a} l'antonymie},
	Type = {M{\'e}moire de DEA Informatique},
	Year = {2001}}

@inproceedings{SchwabLafourcade02,
	Address = {NII, Tokyo, Japan},
	Author = {Schwab, Didier and Lafourcade, Mathieu},
	Booktitle = {Papillon'2002 Seminar},
	Month = {July},
	Publisher = {http://www.papillon-dictionary.org/ConsultInformations.po},
	Title = {Hardening of Acception Links through Vectorized Lexical Functions},
	Year = {2002}}

@inproceedings{SchwabLafourcadePrince02,
	Author = {Schwab, Didier and Lafourcade, Mathieu and Prince, Violaine},
	Booktitle = {JADT 2002, vol. 2},
	Pages = {701-712},
	Title = {Am\'{e}lioration de la repr\'{e}sentation s\'{e}mantique lexicale par les vecteurs conceptuels : le r\^{o}le de l'antonymie},
	Year = {2002}}

@techreport{GS90,
	Author = {S{\'e}rasset, Gilles and Tollet, Marie Francoise},
	Institution = {B'VITAL (Grenoble)},
	Title = {RECUPLEX : r{\'e}cup{\'e}ration des dictionnaires d'applications de B'VITAL, sp{\'e}cification et analyse},
	Type = {document interne B'VITAL},
	Year = {1990}}

@techreport{GS91a,
	Author = {S{\'e}rasset, Gilles},
	Institution = {Multilex ESPRIT project},
	Month = {November},
	Title = {Psi-termes et dictionnaires},
	Type = {Technical report},
	Year = {1991}}

@phdthesis{GS91b,
	Author = {S{\'e}rasset, Gilles},
	School = {Universit{\'e} Joseph Fourier et Institut National Polytechnique de Grenoble},
	Title = {NADIA une Nouvelle Approche : les Dictionnaires Interlingues par Acceptions},
	Type = {Rapport de DEA d'informatique},
	Year = {1991}}

@techreport{GS91c,
	Author = {S{\'e}rasset, Gilles},
	Institution = {GETA-IMAG},
	Month = {avril},
	Title = {Psi termes et traitement des langues naturelles},
	Type = {Rapport de DEA/TALN},
	Year = {1991}}

@techreport{GS92a,
	Author = {S{\'e}rasset, Gilles and Boitet, Christian},
	Institution = {Multilex ESPRIT project},
	Month = {January},
	Title = {General Tools Definition GETA's contribution},
	Type = {Technical report},
	Year = {1992}}

@inproceedings{GS92b,
	Address = {Toulouse},
	Author = {S{\'e}rasset, Gilles},
	Booktitle = {S{\'e}minaire Lexique des p{\^o}les langage naturel et parole du GDR PRC CHM},
	Month = {janvier},
	Pages = {35-45},
	Title = {Psi-termes et dictionnaires},
	Volume = {1},
	Year = {1992}}

@techreport{GS92c,
	Author = {S{\'e}rasset, Gilles},
	Institution = {Multilex ESPRIT project},
	Month = {May},
	Title = {Defining a database: The language},
	Type = {Technical report},
	Year = {1992}}

@inproceedings{GS93a,
	Author = {S{\'e}rasset, Gilles and Blanc, Etienne},
	Booktitle = {T-TA-TAO 93},
	Editor = {Clas, Andr{\'e}},
	Month = {30 September to 2 October},
	Pages = {65-84},
	Publisher = {Actualit{\'e} scientifique, AUPELF-UREF},
	Title = {Une approche par acceptions pour les bases lexicales multilingues},
	Year = {1993}}

@misc{GS93b,
	Author = {S{\'e}rasset, Gilles},
	Edition = {Logiciel libre Macintosh Common Lisp},
	Organization = {GETA-IMAG},
	Title = {Defunit Interface: Logiciel libre Macintosh Common Lisp},
	Year = {1993}}

@misc{GS93c,
	Author = {S{\'e}rasset, Gilles},
	Organization = {GETA-IMAG},
	Title = {Iconic items: Logiciel libre Macintosh Common Lisp},
	Year = {1993}}

@techreport{GS94a,
	Author = {S{\'e}rasset, Gilles},
	Institution = {Japan Electronic Dictionary Research Institute Ltd.},
	Month = {16 March},
	Number = {TM-038},
	Title = {Recent Trends of Electronic Dictionary Research and Development in Europe},
	Type = {Technical Memorandum},
	Year = {1994}}

@inproceedings{GS94b,
	Author = {S{\'e}rasset, Gilles},
	Booktitle = {COLING-94},
	Editor = {Nagao, Makoto},
	Month = {August},
	Pages = {278-282},
	Title = {Interlingual Lexical Organisation for Multilingual Lexical Databases in NADIA},
	Volume = {1},
	Year = {1994}}

@inproceedings{GS94c,
	Author = {S{\'e}rasset, Gilles},
	Booktitle = {TALN-94 : Le traitement automatique du langage naturel en France aujourd'hui},
	Editor = {Blache, Philippe},
	Month = {7 to 8 April},
	Pages = {109-118},
	Title = {Approche {\oe}cum{\'e}nique au probl{\`e}me du codage des structures linguistiques},
	Volume = {1},
	Year = {1994}}

@inproceedings{GS94d,
	Author = {S{\'e}rasset, Gilles},
	Booktitle = {ICLA-94},
	Month = {July},
	Pages = {21-33},
	Title = {An Interlingual Lexical Organisation Based on Acceptions, From the Parax Mock-up to the NADIA System},
	Year = {1994}}

@article{GS94f,
	Author = {S{\'e}rasset, Gilles},
	Journal = {Turjuman},
	Number = {1},
	Pages = {41-56},
	Title = {Peut-on coder un dictionnaire avec des psi-termes},
	Volume = {3},
	Year = {1994}}

@phdthesis{GS94g,
	Author = {S{\'e}rasset, Gilles},
	Month = {D{\'e}cembre},
	School = {Universit{\'e} Joseph Fourier-Grenoble 1},
	Title = {Sublim : un syst{\`e}me universel de bases lexicales multilingues et Nadia : sa sp{\'e}cialisation aux bases lexicales interlingues par acceptions},
	Type = {Th{\`e}se nouveau doctorat},
	Year = {1994}}

@inproceedings{GS95a,
	Address = {Lyon},
	Author = {S{\'e}rasset, Gilles},
	Booktitle = {Lexicomatique et Dictionnairique},
	Pages = {205-215},
	Publisher = {actualit{\'e} scientifique, AUPELF-UREF},
	Title = {Informatisation du Dictionnaire Explicatif et Combinatoire : le projet NADIA-DEC},
	Volume = {1},
	Year = {1995}}

@techreport{GS95b,
	Author = {S{\'e}rasset, Gilles and Lafourcade, Mathieu},
	Institution = {GETA, IMAG (UJF \& CNRS)},
	Month = {September},
	Title = {La communication par courrier {\'e}lectronique dans la maquette LIDIA-1.2},
	Type = {Rapport de recherche (projet Eureka EUROLANG)},
	Year = {1995}}

@techreport{GS96a,
	Author = {S{\'e}rasset, Gilles},
	Institution = {GETA-CLIPS-IMAG},
	Title = {Rapport d'avancement du projet NADIA-DEC, ann{\'e}e 1996},
	Type = {Rapport interm{\'e}diaire de contrat},
	Year = {1996}}

@techreport{GS96b,
	Author = {S{\'e}rasset, Gilles},
	Institution = {GETA-CLIPS, IMAG},
	Month = {september},
	Title = {Rapport du s{\'e}jour de Gilles S{\'e}rasset {\`a} l'Universit{\'e} de Montr{\'e}al du 1/6/96 au 31/8/96, projet DECID},
	Type = {Rapport interne},
	Year = {1996}}

@inproceedings{GS96c,
	Address = {Grenoble},
	Author = {S{\'e}rasset, Gilles},
	Booktitle = {Journ{\'e}es lexique du PRC-CHM},
	Pages = {131-138},
	Title = {Un {\'e}diteur pour le dictionnaire explicatif et combinatoire du fran\c{c}ais contemporain},
	Year = {1996}}

@techreport{GS96d,
	Author = {S{\'e}rasset, Gilles},
	Institution = {GETA-CLIPS, IMAG},
	Month = {december},
	Note = {6 p.},
	Title = {DECID : Dictionnaire explicatif et combinatoire informatis{\'e}, note r{\'e}capitulative de fin de premi{\`e}re ann{\'e}e},
	Type = {Rapport interm{\'e}diaire de contrat},
	Year = {1996}}

@inproceedings{GS97a,
	Address = {Tunis},
	Author = {S{\'e}rasset, Gilles},
	Booktitle = {LTT'97},
	Month = {Septembre},
	Pages = {149-160},
	Publisher = {Actualit{\'e} scientifique, AUPELF-UREF},
	Title = {Le projet NADIA-DEC : vers un dictionnaire explicatif et combinatoire informatis{\'e} ?},
	Volume = {1},
	Year = {1997}}

@inproceedings{GS97b,
	Address = {Montr{\'e}al},
	Author = {S{\'e}rasset, Gilles and Polgu{\`e}re, Alain},
	Booktitle = {RIAO'97},
	Pages = {701-708},
	Title = {Outils pour lexicographes : application {\`a} la lexicographie explicative et combinatoire},
	Volume = {2},
	Year = {1997}}

@inproceedings{GS97c,
	Address = {Grenoble},
	Author = {S{\'e}rasset, Gilles},
	Booktitle = {TALN'97},
	Pages = {194-198},
	Title = {Informatisation du dictionnaire Explicatif et Combinatoire},
	Volume = {1},
	Year = {1997}}

@techreport{GS97d,
	Author = {S{\'e}rasset, Gilles and Mel'\v{c}uk, Igor},
	Institution = {GETA-CLIPS, IMAG},
	Month = {d{\'e}cembre 1997},
	Note = {23 p.},
	Title = {Rapport final de la coop{\'e}ration France-Qu{\'e}bec en ing{\'e}nierie linguistique et de la connaissance DECID : dictionnaire explicatif et combinatoire informatis{\'e}},
	Type = {Rapport final de contrat},
	Year = {1997}}

@techreport{GS98a,
	Author = {S{\'e}rasset, Gilles},
	Institution = {GETA-CLIPS-IMAG},
	Month = {d{\'e}cembre},
	Title = {Rapports d'avancements mensuels du projet UNL, ann{\'e}e 1998},
	Year = {1998}}

@inproceedings{GSMM98b,
	Address = {Moncton, NB, Canada},
	Author = {S{\'e}rasset, Gilles and Mangeot, Mathieu},
	Booktitle = {NLP-IA},
	Editor = {Moghrabi, Chadia},
	Pages = {110-116},
	Title = {L'{\'e}dition lexicographique dans un syst{\`e}me g{\'e}n{\'e}rique de gestion de bases lexicales multilingues},
	Volume = {1},
	Year = {1998}}

@techreport{GS98c,
	Author = {S{\'e}rasset, Gilles},
	Institution = {GETA-CLIPS-IMAG},
	Month = {january},
	Title = {DECID : Dictionnaire Explicatif et Combinatoire Informatis{\'e}},
	Type = {Rapport final de projet de coop{\'e}ration Franco Qu{\'e}becoise en ing{\'e}nierie linguistique et de la connaissance},
	Year = {1998}}

@techreport{GS99a,
	Author = {S{\'e}rasset, Gilles},
	Institution = {GETA-CLIPS-IMAG},
	Month = {f{\'e}vrier},
	Title = {Improving Lexical Transfer in UNL French Deconverter},
	Type = {Rapport technique},
	Year = {1999}}

@techreport{GS99b,
	Author = {S{\'e}rasset, Gilles},
	Institution = {GETA-CLIPS-IMAG},
	Month = {f{\'e}vrier},
	Title = {UNL-FR, report of the French team, year 1998, Contract A},
	Type = {Rapport de contrat},
	Year = {1999}}

@inproceedings{GS99c,
	Address = {Singapore},
	Author = {S{\'e}rasset, Gilles and Boitet, Christian},
	Booktitle = {MT Summit VII},
	Editor = {Tsujii, Jun-Ichi},
	Month = {13-17 September},
	Pages = {220228},
	Publisher = {Asia Pacific Ass. for MT},
	Title = {UNL-French deconversion as transfer and generation from an interlingua with possible quality enhancement through offline human interaction},
	Year = {1999}}

@techreport{GS00,
	Author = {S{\'e}rasset, Gilles},
	Institution = {GETA-CLIPS-IMAG},
	Month = {f{\'e}vrier},
	Title = {Manuel du d{\'e}veloppeur ARIANE-Y},
	Type = {Rapport technique},
	Year = {2000}}

@inproceedings{GS00a,
	Address = {Saarbr{\"u}cken},
	Author = {S{\'e}rasset, Gilles and Boitet, Christian},
	Booktitle = {COLING-2000},
	Editor = {Uszkoreit, Hans},
	Month = {31 juillet-3 Ao{\^u}t},
	Pages = {768-774},
	Publisher = {ACL},
	Title = {On UNL as the future "html of the linguistic content" and the reuse of existing NLP components in UNL-related applications with the example of a UNL-French deconverter},
	Year = {2000}}

@techreport{GS00b,
	Author = {S{\'e}rasset, Gilles},
	Institution = {GETA-CLIPS-IMAG},
	Month = {d{\'e}cembre},
	Title = {Report on UNL-FR project, year 1998, contract B (signed in july 2000)},
	Type = {Rapport final de contrat},
	Year = {2000}}

@techreport{GS00c,
	Author = {S{\'e}rasset, Gilles},
	Institution = {GETA-CLIPS-IMAG},
	Month = {f{\'e}vrier},
	Title = {Conventions de codage en C pour le projet ARIANE-Y},
	Type = {Rapport technique},
	Year = {2000}}

@techreport{GS00d,
	Author = {S{\'e}rasset, Gilles},
	Institution = {GETA-CLIPS-IMAG},
	Month = {f{\'e}vrier},
	Title = {Improving the deconversion server: robust implementation of the deconversion server under a Unix like system},
	Type = {Rapport technique},
	Year = {2000}}

@inproceedings{GSMM01a,
	Address = {Tokyo},
	Author = {S{\'e}rasset, Gilles and Mangeot, Mathieu},
	Booktitle = {NLPRS-2001},
	Date-Modified = {2009-02-19 17:01:58 +0100},
	Keywords = {Papillon, dictionary, jibiki},
	Month = {27-30 November},
	Pages = {119-125},
	Title = {Papillon Lexical Database Project: Monolingual Dictionaries and Interlingual Links},
	Year = {2001}}

@inproceedings{GS02,
	Address = {National Institute of Informatics, Tokyo},
	Author = {Gilles S{\'e}rasset},
	Booktitle = {Papillon 2002 Seminar},
	Month = {16-18 July},
	Pages = {7},
	Title = {Current Status of the Papillon Server Development},
	Year = {2002}}

@inproceedings{GS04,
	Address = {Geneva, Switzerland},
	Author = {S{\'e}rasset, Gilles},
	Booktitle = {COLING 2004 Multilingual Linguistic Resources Workshop},
	Editor = {S{\'e}rasset, Gilles},
	Month = {28 August},
	Pages = {73-79},
	Title = {A generic collaborative platform for multilingual lexical database development},
	Year = {2004}}

@inproceedings{GS05,
	Address = {Chiang Rai, Thailand},
	Author = {S{\'e}rasset, Gilles},
	Booktitle = {Proc. of Papillon 2005 Workshop},
	Editor = {Lafourcade, Mathieu},
	Month = {11-13 December},
	Pages = {64-73},
	Title = {Multilingual Legal Terminology on the Jibiki Platform: The LexALP Project},
	Year = {2005}}

@techreport{Simoes04,
	Address = {Minho, Portugal},
	Author = {Sim{\~o}es, Alberto},
	Institution = {Escola de Engenharia - Universidade do Minho},
	Title = {Parallel Corpora word alignment and applications},
	Url = {http://alfarrabio.di.uminho.pt/~albie/en/pubs.html},
	Year = {2004},
	Bdsk-Url-1 = {http://alfarrabio.di.uminho.pt/~albie/en/pubs.html}}

@book{SparckJones86,
	Author = {Sparck Jones, Karen},
	Publisher = {Edinburgh University Press},
	Series = {Edinburgh Information Technology Series},
	Title = {Synonymy and Semantic Classification},
	Year = {1986}}

@inproceedings{TheveninCoutaz99,
	Address = {Edinburgh, Scotland},
	Author = {Thevenin, David and Coutaz, Jo\"elle},
	Booktitle = {Interact'99 Seventh IFIP Conference on Human-Computer Interaction},
	Pages = {110-117},
	Title = {Plasticity of User Interfaces: Framework and Research Agenda},
	Volume = {1},
	Year = {1999}}

@inproceedings{Yarowsky92,
	Address = {Nantes},
	Author = {Yarowsky, D.},
	Booktitle = {COLING'92},
	Pages = {454-460},
	Title = {Word-Sense Disambiguation Using Statistical Models of Roget's Categories Trained on Large Corpora},
	Year = {1992}}
